@misc{Motamed,
	title = {Numerical {PDEs}},
	author = {Motamed, Mohammad},
	year = {2025},
	note = {Place: Albuquerque},
}
