@article{EXAMPLE,
  author = {Doe, John},
  title = {A Very Scientific Article},
  journal = {Journal of Smart People with Big Egos},
  year = {2023},
}
