@techreport{bowenHandCalculationMethods2023,
  title = {Hand {{Calculation Methods}} for {{Nuclear Criticality Safety}}},
  author = {Bowen, Douglas and Busch, Robert},
  year = {2023},
  month = apr,
  number = {ORNL/TM--2022/2747, 1974330},
  pages = {ORNL/TM--2022/2747, 1974330},
  doi = {10.2172/1974330},
  urldate = {2025-02-08},
  langid = {english},
  file = {/home/lipohlmann/Zotero/storage/2TFEISDD/Bowen and Busch - 2023 - Hand Calculation Methods for Nuclear Criticality Safety.pdf}
}

@article{brownENDFBVIII082018,
  title = {{{ENDF}}/{{B-VIII}}.0: {{The}} 8 Th {{Major Release}} of the {{Nuclear Reaction Data Library}} with {{CIELO-project Cross Sections}}, {{New Standards}} and {{Thermal Scattering Data}}},
  shorttitle = {{{ENDF}}/{{B-VIII}}.0},
  author = {Brown, D.A. and Chadwick, M.B. and Capote, R. and Kahler, A.C. and Trkov, A. and Herman, M.W. and Sonzogni, A.A. and Danon, Y. and Carlson, A.D. and Dunn, M. and Smith, D.L. and Hale, G.M. and Arbanas, G. and Arcilla, R. and Bates, C.R. and Beck, B. and Becker, B. and Brown, F. and Casperson, R.J. and Conlin, J. and Cullen, D.E. and Descalle, M.-A. and Firestone, R. and Gaines, T. and Guber, K.H. and Hawari, A.I. and Holmes, J. and Johnson, T.D. and Kawano, T. and Kiedrowski, B.C. and Koning, A.J. and Kopecky, S. and Leal, L. and Lestone, J.P. and Lubitz, C. and M{\'a}rquez Dami{\'a}n, J.I. and Mattoon, C.M. and McCutchan, E.A. and Mughabghab, S. and Navratil, P. and Neudecker, D. and Nobre, G.P.A. and Noguere, G. and Paris, M. and Pigni, M.T. and Plompen, A.J. and Pritychenko, B. and Pronyaev, V.G. and Roubtsov, D. and Rochman, D. and Romano, P. and Schillebeeckx, P. and Simakov, S. and Sin, M. and Sirakov, I. and Sleaford, B. and Sobes, V. and Soukhovitskii, E.S. and Stetcu, I. and Talou, P. and Thompson, I. and Van Der Marck, S. and {Welser-Sherrill}, L. and Wiarda, D. and White, M. and Wormald, J.L. and Wright, R.Q. and Zerkle, M. and {\v Z}erovnik, G. and Zhu, Y.},
  year = {2018},
  month = feb,
  journal = {Nuclear Data Sheets},
  volume = {148},
  pages = {1--142},
  issn = {00903752},
  doi = {10.1016/j.nds.2018.02.001},
  urldate = {2025-02-08},
  langid = {english},
  file = {/home/lipohlmann/Zotero/storage/SDWDQXV5/Brown et al. - 2018 - ENDFB-VIII.0 The 8 th Major Release of the Nuclear Reaction Data Library with CIELO-project Cross.pdf}
}

@misc{buschAnalyticalCalculationsAGN,
  title = {Analytical {{Calculations}} for the {{AGN}}},
  author = {Busch, Bob}
}

@misc{CompositionURANIUMOXIDE,
  title = {Composition of {{URANIUM OXIDE}}},
  urldate = {2025-02-08},
  howpublished = {https://pml.nist.gov/cgi-bin/Star/compos.pl?matno=272},
  file = {/home/lipohlmann/Zotero/storage/SKU276TR/compos.html}
}

@book{gezerlisNumericalMethodsPhysicsa,
  title = {Numerical {{Methods}} in {{Physics}} with {{Python}}},
  author = {Gezerlis, Alex},
  edition = {Second},
  isbn = {978-1-009-30386-6}
}

@misc{HighRadiationArea,
  title = {High Radiation Area},
  journal = {NRC Web},
  urldate = {2025-02-05},
  abstract = {High radiation area},
  howpublished = {https://www.nrc.gov/reading-rm/basic-ref/glossary/high-radiation-area.html},
  langid = {american},
  file = {/home/lipohlmann/Zotero/storage/SP6GZMI6/high-radiation-area.html}
}

@book{lamarshIntroductionNuclearEngineering2001,
  title = {Introduction to Nuclear Engineering},
  author = {Lamarsh, John R. and Baratta, Anthony John},
  year = {2001},
  series = {Addison-{{Wesley}} Series in Nuclear Science and Engineering},
  edition = {3rd ed},
  publisher = {Prentice Hall},
  address = {Upper Saddle River, NJ},
  isbn = {978-0-201-82498-8},
  langid = {english},
  file = {/home/lipohlmann/Zotero/storage/7U6NEGWP/Lamarsh and Baratta - 2001 - Introduction to nuclear engineering.pdf}
}

@misc{RadiationArea,
  title = {Radiation Area},
  journal = {NRC Web},
  urldate = {2025-02-05},
  abstract = {Radiation area},
  howpublished = {https://www.nrc.gov/reading-rm/basic-ref/glossary/radiation-area.html},
  langid = {american},
  file = {/home/lipohlmann/Zotero/storage/HIYK7968/radiation-area.html}
}

@misc{ReactorOperationTraining2022,
  title = {Reactor {{Operation}} and {{Training Manual}}},
  year = {Revised January 2022},
  file = {/home/lipohlmann/Zotero/storage/Q2RHU3WE/NEWMAN 2022.pdf}
}

@misc{SAFETYANALYSISREPORT2017,
  title = {{{SAFETY ANALYSIS REPORT}} for the {{University}} of {{New Mexico AGN-20lM Reactor Facility}}},
  year = {2017},
  month = jun,
  file = {/home/lipohlmann/Zotero/storage/HSUW8BGV/SAR17.pdf}
}

@misc{TECHNICALSPECIFICATIONSUNIVERSITY2018,
  title = {{{TECHNICAL SPECIFICATIONS FOR THE UNIVERSITY OF NEW MEXICO AGN-201M REACTOR}}},
  year = {Revised May 2018},
  file = {/home/lipohlmann/Zotero/storage/CQTKV5J3/Agntechspecs18.pdf}
}

@misc{willisEMERGENCYPLANUNIVERSITY2022,
  title = {{{EMERGENCY PLAN FOR THE UNIVERSITY OF NEW MEXICO AGN-201M REACTOR FACILITY}}},
  author = {Willis, Carl},
  year = {2022},
  month = jul,
  file = {/home/lipohlmann/Zotero/storage/NDTW2J2I/AGNEMERG_2022_FINAL.pdf}
}
